@online{TouchBacklight,
    title = {Forendiskussion Touch-Screen},
    url = {https://www.raspberrypi.org/forums/viewtopic.php?f=108&t=120968}
}

