@online{TouchBacklight,
    title = {Forendiskussion Touch-Screen},
    url = {https://www.raspberrypi.org/forums/viewtopic.php?f=108&t=120968}
}
@online{PrecisionDS3231,
    title = {Seen the new high accuracy RTC for \$ 1.99?},
    url = {http://forum.allaboutcircuits.com/threads/seen-the-new-high-accuracy-rtc-for-1-99.99839/},
    note = {Diskussion und Messung zur Pr채zision g체nstig erh채ltlicher DS3231 Module}
}
@online{FauCARD,
    title = {Aufbau, Echnoligie und Umgang mit der FAUcard},
    url = {https://www.zuv.fau.de/universitaet/organisation/verwaltung/zuv/card/gaestekarte/aufbau.shtml},
}
@online{AdafruitHP,
    title = {Adafruit Homepage},
    url = {http://adafruit.com}
}
@online{PN532Tutorial,
    title = {NFC auf Raspberry Pi: PN532 Breakout Board},
    url = {http://www.schnatterente.net/technik/nfc-raspberry-pi-pn532-breakout-board}
}
@online{AdafruitPN532,
    title = {Adafruit Python PN532 library},
    url = {https://github.com/adafruit/Adafruit_Python_PN532}
}
@online{AdafruitPullRequest,
    title = {Pull request: ''Fix response lengtthh for 7 byte UID Mifare''},
    url = {https://github.com/adafruit/Adafruit_Python_PN532/pull/5}
}
@online{SQLAlchemy,
    title = {SQLAlchemy Projekt-Seite},
    url = {http://www.sqlalchemy.org}
}
@manual{Pn532Manual,
    title = {PN532 User Manual},
    author = {{Unbekannter Autor}},
    organization = {NXP Semiconductors},
    year = {2007},
    url = {http://www.nxp.com/documents/user_manual/141520.pdf}
}
@online{DS3231Tutorial,
    title = {Echtzeituhr-Modul DS3231 sorgt f체r genaue Zeitangaben},
    url = {http://www.raspberry-pi-geek.de/Magazin/2015/03/Echtzeituhr-Modul-DS3231-sorgt-fuer-genaue-Zeitangaben},
    note = {Tutorial zur Anbindung des DS3231 an den Raspberry Pi}
}



